<?xml version="1.0" encoding="UTF-8"?><collection xmlns="http://www.loc.gov/MARC21/slim"><record><leader>00430nam--2200145-i-4500</leader><controlfield tag="001">000013026</controlfield><controlfield tag="002">20161230</controlfield><controlfield tag="005">20161230201030</controlfield><controlfield tag="008">060222s1000------------r-----000-0-eng-d</controlfield><datafield ind1=" " ind2=" " tag="080"><subfield code="a">519.688</subfield></datafield><datafield ind1=" " ind2=" " tag="100"><subfield code="a">Brezinski Claude</subfield></datafield><datafield ind1=" " ind2=" " tag="245"><subfield code="a">Algorithmes d acceleration de la convergence etude  numerique</subfield></datafield><datafield ind1=" " ind2=" " tag="260"><subfield code="a">Paris, Editions Techn.,1978 Xi + 392 P</subfield></datafield><datafield ind1=" " ind2=" " tag="490"><subfield code="a">Collection Langages Et Algorithmes De L Informatique</subfield></datafield><datafield ind1=" " ind2=" " tag="852"><subfield code="a">47044</subfield></datafield></record></collection>